@book{bradski2008learning,
  title={Learning OpenCV: Computer vision with the OpenCV library},
  author={Bradski, Gary and Kaehler, Adrian},
  year={2008},
  publisher={" O'Reilly Media, Inc."}
}

@article{cao2018openpose,
  title={OpenPose: realtime multi-person 2D pose estimation using Part Affinity Fields},
  author={Cao, Zhe and Hidalgo, Gines and Simon, Tomas and Wei, Shih-En and Sheikh, Yaser},
  journal={arXiv preprint arXiv:1812.08008},
  year={2018}
}

@article{lucas1981iterative,
  title={An iterative image registration technique with an application to stereo vision},
  author={Lucas, Bruce D and Kanade, Takeo and others},
  year={1981},
  publisher={Vancouver, British Columbia}
}

@article{pedregosa2011scikit,
  title={Scikit-learn: Machine learning in Python},
  author={Pedregosa, Fabian and Varoquaux, Ga{\"e}l and Gramfort, Alexandre and Michel, Vincent and Thirion, Bertrand and Grisel, Olivier and Blondel, Mathieu and Prettenhofer, Peter and Weiss, Ron and Dubourg, Vincent and others},
  journal={Journal of machine learning research},
  volume={12},
  number={Oct},
  pages={2825--2830},
  year={2011}
}

@article{tang2018structured,
  title={Structured dynamic time warping for continuous hand trajectory gesture recognition},
  author={Tang, Jingren and Cheng, Hong and Zhao, Yang and Guo, Hongliang},
  journal={Pattern Recognition},
  volume={80},
  pages={21--31},
  year={2018},
  publisher={Elsevier}
}

@article{fadhil2018trackingsurvey,
  author="Ali Fadhil Yaseen",
  title="A Survey on the Tracking of Object in Sequence Image",
  journal="International Journal of Computer Science and Mobile Computing",
  year="2018",
  month="11",
  volume="7",
  number="11",
  pages="112--120"
}
