% Used in the thesis:

% Augmented Reality
@book{bimber2005spatial,
  title={Spatial augmented reality: merging real and virtual worlds},
  author={Bimber, Oliver and Raskar, Ramesh},
  year={2005},
  publisher={AK Peters/CRC Press}
}


% OpenCV
@book{bradski2008learning,
  title={Learning OpenCV: Computer vision with the OpenCV library},
  author={Bradski, Gary and Kaehler, Adrian},
  year={2008},
  publisher={" O'Reilly Media, Inc."}
}


@article{cao2018openpose,
  title={OpenPose: realtime multi-person 2D pose estimation using Part Affinity Fields},
  author={Cao, Zhe and Hidalgo, Gines and Simon, Tomas and Wei, Shih-En and Sheikh, Yaser},
  journal={arXiv preprint arXiv:1812.08008},
  year={2018}
}

@article{surgical2018ar,
  author="Dr.Nashaat El-Khamisy And Dr.Khaled Amer And Dr.Alaa Riad And Rafeek Mamdouh",
  title="A Survey on Virtual Reality, Augmented Reality and Mixed Reality Techniques for Liver Surgical Operations and Training",
  journal="Graphics, Vision and Image Processing  GVIP",
  year="2018",
  month="9",
  volume="18",
  number="2",
  pages="13--22"
}


@book{geron2019hands,
  title={Hands-On Machine Learning with Scikit-Learn, Keras, and TensorFlow: Concepts, Tools, and Techniques to Build Intelligent Systems},
  author={G{\'e}ron, Aur{\'e}lien},
  year={2019},
  publisher={O'Reilly Media}
}

@book{hackeling2017mastering,
  title={Mastering Machine Learning with scikit-learn},
  author={Hackeling, Gavin},
  year={2017},
  publisher={Packt Publishing Ltd}
}

@article{koesmarno2019class,
  author="H.K. Koesmarno",
  title="Measuring Classifier Performance with Risk and Error Matrix Charts",
  journal="Transactions on Machine Learning and Data Mining",
  year="2019",
  month="7",
  volume="12",
  number="1",
  pages="3--22"
}

@article{lucas1981iterative,
  title={An iterative image registration technique with an application to stereo vision},
  author={Lucas, Bruce D and Kanade, Takeo and others},
  year={1981},
  publisher={Vancouver, British Columbia}
}

@article{pedregosa2011scikit,
  title={Scikit-learn: Machine learning in Python},
  author={Pedregosa, Fabian and Varoquaux, Ga{\"e}l and Gramfort, Alexandre and Michel, Vincent and Thirion, Bertrand and Grisel, Olivier and Blondel, Mathieu and Prettenhofer, Peter and Weiss, Ron and Dubourg, Vincent and others},
  journal={Journal of machine learning research},
  volume={12},
  number={Oct},
  pages={2825--2830},
  year={2011}
}

@inproceedings{salvi2014multi,
  title={Multi-layer alpha blending},
  author={Salvi, Marco and Vaidyanathan, Karthik},
  booktitle={Proceedings of the 18th meeting of the ACM SIGGRAPH Symposium on Interactive 3D Graphics and Games},
  pages={151--158},
  year={2014}
}

@inproceedings{saquib2019interactive,
  title={Interactive Body-Driven Graphics for Augmented Video Performance},
  author={Saquib, Nazmus and Kazi, Rubaiat Habib and Wei, Li-Yi and Li, Wilmot},
  booktitle={Proceedings of the 2019 CHI Conference on Human Factors in Computing Systems},
  pages={622},
  year={2019},
  organization={ACM}
}

@article{tang2018structured,
  title={Structured dynamic time warping for continuous hand trajectory gesture recognition},
  author={Tang, Jingren and Cheng, Hong and Zhao, Yang and Guo, Hongliang},
  journal={Pattern Recognition},
  volume={80},
  pages={21--31},
  year={2018},
  publisher={Elsevier}
}


@article{zhang2013new,
  title={A new writing experience: Finger writing in the air using a kinect sensor},
  author={Zhang, Xin and Ye, Zhichao and Jin, Lianwen and Feng, Ziyong and Xu, Shaojie},
  journal={IEEE MultiMedia},
  volume={20},
  number={4},
  pages={85--93},
  year={2013},
  publisher={IEEE}
}

@article{fadhil2018trackingsurvey,
  author="Ali Fadhil Yaseen",
  title="A Survey on the Tracking of Object in Sequence Image",
  journal="International Journal of Computer Science and Mobile Computing",
  year="2018",
  month="11",
  volume="7",
  number="11",
  pages="112--120"
}

@inproceedings{lin2009recognizing,
  title={Recognizing actions by shape-motion prototype trees},
  author={Lin, Zhe and Jiang, Zhuolin and Davis, Larry S},
  booktitle={2009 IEEE 12th international conference on computer vision},
  pages={444--451},
  year={2009},
  organization={IEEE}
}

@article{purohit2018precisehand,
  author={Ayush Purohit and Shardul Singh Chauhan},
  title={A Precise Technique for Hand Gesture Recognition},
  journal={Graphics, Vision and Image Processing  GVIP},
  year={2018},
  month={1},
  volume={17},
  number={2},
  pages={25--29}
}

@article{robust2017mouse,
  author={Arcangel R. and Capuso S. and Gerbuyos M. and Laviña C. and Mabuti G. and Tolentino R.},
  title={Robust Mouse Control based on Dynamic Template Matching of Hand Gestures},
  journal={Graphics, Vision and Image Processing  GVIP},
  year={2017},
  month={5},
  volume={17},
  number={1},
  pages={9--14}
}

@article{kumar2019calculator,
  author={Sandeep Kumar and Mohit Tanwar and Anand Kumar and Gita Rani and Prashant Chamoli},
  title={Hand Gesture Recognition Based Calculator},
  journal={International Journal of Computer Science and Mobile Computing},
  year={2019},
  month={10},
  volume={8},
  number={10},
  pages={149--158}
}

@article{ponraj2012wireless,
  title={A wireless gesture controlled human computer interface},
  author={Ponraj, Mr Abraham Sudharson and Daniel, Mr E Nelson},
  journal={International Journal of Engineering Technology and Computer Applications},
  volume={2},
  number={1},
  pages={1--4},
  year={2012}
}

@inproceedings{joseph2018visual,
  title={Visual gesture recognition for text writing in air},
  author={Joseph, Vincy and Talpade, Aditi and Suvarna, Nishitha and Mendonca, Zeena},
  booktitle={2018 Second International Conference on Intelligent Computing and Control Systems (ICICCS)},
  pages={23--26},
  year={2018},
  organization={IEEE}
}

@article{nagy2020gesture,
  title={An Optical Flow-based Gesture Recognition Method},
  author={Nagy, Dániel Zoltán and Piller, Imre},
  journal={Acta Marisiensis. Seria Technologica},
  volume={17},
  number={1},
  pages={22--26},
  year={2020}
}