
% ----OCR----

% survey-ocr.pdf
@article{islam2017survey,
  title={A survey on optical character recognition system},
  author={Islam, Noman and Islam, Zeeshan and Noor, Nazia},
  journal={arXiv preprint arXiv:1710.05703},
  year={2017}
}

% Rotational-invariant-Real-Time-Text-Recognition-ISI.pdf
@ARTICLE
{rotational2018,
  author="M. Anyayahan and M. Balinas and A. La Madrid and M. Laurel and C. Lopez and R. Tolentino",
  title="Rotational invariant Real Time Text Recognition",
  journal="Graphics, Vision and Image Processing  GVIP",
  year="2018",
  month="1",
  volume="17",
  number="2",
  pages="39--44"
}

% ----Optical-Flow----

% lucas_kanade-1981.pdf
@article{lucas1981iterative,
  title={An iterative image registration technique with an application to stereo vision},
  author={Lucas, Bruce D and Kanade, Takeo and others},
  year={1981},
  publisher={Vancouver, British Columbia}
}

% ----Object tracking----

% tracking-object-survey-ISI.pdf
@ARTICLE
{trackingsurvey2018,
  author="Ali Fadhil Yaseen",
  title="A Survey on the Tracking of Object in Sequence Image",
  journal="International Journal of Computer Science and Mobile Computing",
  year="2018",
  month="11",
  volume="7",
  number="11",
  pages="112--120"
}

% ----VR, AR, MR----

% AR-Liver-Surgical-Operations-ISI.pdf
@ARTICLE{P1151826627,
  author="Dr.Nashaat El-Khamisy And Dr.Khaled Amer And Dr.Alaa Riad And Rafeek Mamdouh",
  title="A Survey on Virtual Reality, Augmented Reality and Mixed Reality Techniques for Liver Surgical Operations and Training",
  journal="Graphics, Vision and Image Processing  GVIP",
  year="2018",
  month="9",
  volume="18",
  number="2",
  pages="13--22"
}

% ----Classifier----

% banana_recognition-ISI.pdf
@ARTICLE
{banana2020,
  author="Dr. A.Anushya",
  title="Quality Recognition of Banana Images using Classifiers",
  journal="International Journal of Computer Science and Mobile Computing",
  year="2020",
  month="1",
  volume="9",
  number="1",
  pages="100--106"
}

% Measuring-classifier-performance.pdf
@ARTICLE
{koesmarno2019class,
  author="H.K. Koesmarno",
  title="Measuring Classifier Performance with Risk and Error Matrix Charts",
  journal="Transactions on Machine Learning and Data Mining",
  year="2019",
  month="7",
  volume="12",
  number="1",
  pages="3--22"
}

% ----Scikit-learn----

% Scikit-learn-Machine-Learning-in-Python.pdf
@article{pedregosa2011scikit,
  title={Scikit-learn: Machine learning in Python},
  author={Pedregosa, Fabian and Varoquaux, Ga{\"e}l and Gramfort, Alexandre and Michel, Vincent and Thirion, Bertrand and Grisel, Olivier and Blondel, Mathieu and Prettenhofer, Peter and Weiss, Ron and Dubourg, Vincent and others},
  journal={Journal of machine learning research},
  volume={12},
  number={Oct},
  pages={2825--2830},
  year={2011}
}

% Related Works
% Gesture recognition

% ----Dynamic----

% Visual-Gesture-Recognition-for-Text-writing-in-Air.pdf
@inproceedings{joseph2018visual,
  title={Visual gesture recognition for text writing in air},
  author={Joseph, Vincy and Talpade, Aditi and Suvarna, Nishitha and Mendonca, Zeena},
  booktitle={2018 Second International Conference on Intelligent Computing and Control Systems (ICICCS)},
  pages={23--26},
  year={2018},
  organization={IEEE}
}

% Exploiting-the-Motion-Learning-Paradigm-for-Recognizing-Human%20Actions-ISI.pdf
@ARTICLE
{exploiting2016,
  author="Fazvina Mohammed Shamim and Sarvesh Vishwakarma",
  title="Exploiting the Motion Learning Paradigm for Recognizing Human Actions",
  journal="Bonfring International Journal of Advances in Image Processing",
  year="2016",
  month="8",
  volume="6",
  number="3"
}
% pages missing

% Recognizing Actions by Shape-Motion Prototype Trees.pdf
@inproceedings{lin2009recognizing,
  title={Recognizing actions by shape-motion prototype trees},
  author={Lin, Zhe and Jiang, Zhuolin and Davis, Larry S},
  booktitle={2009 IEEE 12th international conference on computer vision},
  pages={444--451},
  year={2009},
  organization={IEEE}
}

% Structured-Dynamic-Time-Warping-for-Continuous-Hand-Trajectory-Gesture.pdf
@article{tang2018structured,
  title={Structured dynamic time warping for continuous hand trajectory gesture recognition},
  author={Tang, Jingren and Cheng, Hong and Zhao, Yang and Guo, Hongliang},
  journal={Pattern Recognition},
  volume={80},
  pages={21--31},
  year={2018},
  publisher={Elsevier}
}

% Finger-Writing-in-the-Air-Using-a-Kinect-Sensor.pdf
@article{zhang2013new,
  title={A new writing experience: Finger writing in the air using a kinect sensor},
  author={Zhang, Xin and Ye, Zhichao and Jin, Lianwen and Feng, Ziyong and Xu, Shaojie},
  journal={IEEE MultiMedia},
  volume={20},
  number={4},
  pages={85--93},
  year={2013},
  publisher={IEEE}
}

% wireless-gesture.pdf
@article{ponraj2012wireless,
  title={A wireless gesture controlled human computer interface},
  author={Ponraj, Mr Abraham Sudharson and Daniel, Mr E Nelson},
  journal={International Journal of Engineering Technology and Computer Applications},
  volume={2},
  number={1},
  pages={1--4},
  year={2012}
}

% ----static----

% hand-gesture-based-calculator-ISI.pdf
@ARTICLE
{P1151733581,
  author="Sandeep Kumar, Mohit Tanwar, Anand Kumar, Gita Rani, Prashant Chamoli"
  title="Hand Gesture Recognition Based Calculator",
  journal="International Journal of Computer Science and Mobile Computing",
  year="2019",
  month="10",
  volume="8",
  number="10",
  pages="149--158"
}

% A-Precise-Technique-for-Hand-Gesture-Recognition-ISI.pdf
@ARTICLE
{P1151733581,
  author="Ayush Purohit and Shardul Singh Chauhan",
  title="A Precise Technique for Hand Gesture Recognition",
  journal="Graphics, Vision and Image Processing  GVIP",
  year="2018",
  month="1",
  volume="17",
  number="2",
  pages="25--29"
}

% Robust-Mouse-Control-based-on-Dynamic-Template-ISI.pdf
@ARTICLE
{P1151711551,
  author="Arcangel R. and Capuso S. and Gerbuyos M. and Lavi√±a C. and Mabuti G. and Tolentino R.",
  title="Robust Mouse Control based on Dynamic Template Matching of Hand Gestures",
  journal="Graphics, Vision and Image Processing  GVIP",
  year="2017",
  month="5",
  volume="17",
  number="1",
  pages="9--14"
}

